@book{野水,
    author    = {野水克己},
    title     = {現代微分幾何入門(基礎数学選書25)},
    publisher = {裳華房},
    year      = {1988}
}
@book{小林,
    author    = {小林昭七},
    title     = {曲線と曲面の微分幾何(基礎数学選書17)},
    publisher = {裳華房},
    year      = {1977}
}